@article{Felsenstein:1985ua,
author = {Felsenstein, J.},
title = {{Phylogenies and the Comparative Method}},
journal = {American Naturalist},
year = {1985},
volume = {125},
number = {1},
pages = {1--15}
}


@book{Paradis:2012wn,
author = {Paradis, Emmanuel},
title = {{Analysis of Phylogenetics and Evolution With R}},
publisher = {Springer Science+Business Media},
year = {2012},
month = jan,
isbn = {9781461417439},
language = {English},
rating = {0},
date-added = {2013-04-08T14:34:13GMT},
date-modified = {2013-04-08T14:34:24GMT},
abstract = {This updated second edition includes material on interfacing R with other computer languages such as C. It reflects the increasing availability of molecular and genetic databases which allow biologists to pursue new issues such as molecular evolution patterns.},
url = {http://books.google.com/books?id=FsScWggkW_cC&printsec=frontcover&dq=analysis+of+phylogenetics+and+evolution+with+R&hl=&cd=1&source=gbs_api},
uri = {\url{papers2://publication/uuid/934641A3-4472-485B-9A84-91CF9AF79F5A}}
}

